@book{sdc_wiley,
  title     = {Statistical Disclosure Control},
  author    = {Hundepool, Anco and
               Domingo-Ferrer, Josep and
               Franconi, Luisa and
               Giessing, Sarah and
               Schulte Nordholt, Eric and
               Spicer, Keith and
               de Wolf, Peter-Paul},
  year      = {2012},
  publisher = {Wiley},
  address   = {Chichester, United Kingdom}
}


@InProceedings{TRS_Shlomo,
author={Shlomo, Natalie
and Tudor, Caroline
and Groom, Paul},
editor={Domingo-Ferrer, Josep
and Magkos, Emmanouil},
title={Data Swapping for Protecting Census Tables},
booktitle={Privacy in Statistical Databases},
year={2010},
publisher={Springer Berlin Heidelberg},
place={Berlin},
pages={41-51},
isbn={978-3-642-15838-4}
}

@inbook{CKM_ABS, place={Luxembourg}, title={A proposed method for confidentialising tabular output to protect against differencing.}, booktitle={Monographs of Official Statistics: Work Session on Statistical Data Confidentiality}, publisher={Eurostat Office for Official Publications of the European Communities}, author={Fraser, Bruce and Wooton, Janice}, year={2005}, pages={299–302}} 

@inproceedings{cellkey_meindl, 
    title     = {cellKey - {Consistent} perturbation of statistical tables},   
    booktitle = {Joint UNECE/Eurostat Work Session on Statistical Data Confidentiality, The Hague, Netherlands}, 
    author    = {Meindl, Bernhard and Enderle, Tobias},
    year      = {2019},
    note      = {\url{https://unece.org/sites/default/files/datastore/fileadmin/DAM/stats/documents/ece/ces/ge.46/2019/mtg1/SDC2019_S7_Austria_and_Germany_cellKey_Meindl_AD.pdf}}
}

@article{langsrudalgorithm,
  title={An Algorithm for Small Count Rounding of Tabular Data},
  author={Langsrud, {\O}yvind and Heldal, Johan},
 year = {2018},
journal = {Privacy in Statistical Databases},
place = {Valencia, Spain},
url = {https://www.researchgate.net/profile/Oyvind-Langsrud/publication/327768398_An_Algorithm_for_Small_Count_Rounding_of_Tabular_Data/links/5ba38c48a6fdccd3cb652df8/An-Algorithm-for-Small-Count-Rounding-of-Tabular-Data.pdf}
}

@article{controlledrounding,
  title={Computational experience with the controlled rounding problem in statistical disclosure control},
  author={Fischetti, Matteo and Salazar, Juan Jos{\'e}},
  journal={Journal of Official Statistics},
  volume={14},
  number={4},
  pages={553--565},
  year={1998}
}

@inproceedings{cta_EU,
  title={Rounding methods for protecting EU-aggregates},
  author={Giessing, Sarah and Hundepool, Anco and Castro P{\'e}rez, Jordi},
  booktitle={Eurostat methodologies and working papers. Worksession on statistical data confidentiality},
  pages={255--264},
  year={2007},
  organization={Eurostat-Office for Official Publications of the European Communities}
}

@article{rcta,
  title={Testing variants of minimum distance controlled tabular adjustment},
  author={Castro, Jordi and Giessing, Sarah},
  journal={Monographs of Official Statistics},
  pages={333--343},
  year={2006},
  publisher={Eurostat-Office for Official Publications of the European Communities Luxembourg}
}

@article{cta1,
  title={Synthetic tabular data: an alternative to complementary cell suppression},
  author={Dandekar, Ramesh A and Cox, Lawrence H},
  journal={Manuscript, Energy Information Administration, US},
  pages={4},
  year={2002}
}

@article{cta2,
  title={Minimum-distance controlled perturbation methods for large-scale tabular data protection},
  author={Castro, Jordi},
  journal={European Journal of Operational Research},
  volume={171},
  number={1},
  pages={39--52},
  year={2006},
  publisher={Elsevier}
}

@article{censusmethodsUNECE,
    author = {de Vries, Marieke and Golmajer, Manca and Tent, Reinhard and Giessing, Sarah and de Wolf, Peter-Paul},
    title = {An overview of used methods to protect the European Census 2021 tables},
    year = {2023},
    journal = {UNECE Expert Meeting on Statistical Data Confidentiality},
    place = {Wiesbaden, Germany},
    url = {https://unece.org/sites/default/files/2023-08/SDC2023_S3_2_Netherlands_deVries_D.pdf}
}


@article{discrisk_giessing_psd2016,
  title={Computational Issues in the Design of Transition Probabilities and Disclosure Risk Estimation for Additive Noise},
  author={Giessing, Sarah},
 year = {2016},
 journal = {Privacy in Statistical Databases},
 place = {Dubrovnik, Croatia}
}

@article{ckm_enderle_psd2018,
  title={Taking into account disclosure risk in
the selection ofparameters for the cell key method},
  author={Enderle, Tobias and Giessing, Sarah and Tent, Reinhard},
 year = {2018},
 journal = {Privacy in Statistical Databases},
 place = {Valencia, Spain}
}

@article{ckm_enderle_psd2020,
  title={Calculation of Risk Probabilities
for the Cell Key Method},
  author={Enderle, Tobias and Giessing, Sarah and Tent, Reinhard},
  year = {2020},
 journal = {Privacy in Statistical Databases},
 place = {Arezzo, Italy}
}

@article{ckm_bach_2021,
    author = {Bach, Fabian},
    title = "{Differential Privacy and Noisy Confidentiality Concepts for European Population Statistics}",
    journal = {Journal of Survey Statistics and Methodology},
    volume = {10},
    number = {3},
    pages = {642-687},
    year = {2021},
    month = {12},
    issn = {2325-0984},
    doi = {10.1093/jssam/smab044},
    url = {https://doi.org/10.1093/jssam/smab044},
    eprint = {https://academic.oup.com/jssam/article-pdf/10/3/642/44275540/smab044.pdf},
}

@misc{CBS-ST,
    title = {Volkstelling 2021: Nederland in vierkanten},
    howpublished = {\url{https://www.cbs.nl/nl-nl/longread/statistische-trends/2023/volkstelling-2021-nederland-in-vierkanten}},
    author = {Kuin, Irene and Schulte Nordholt, Eric and de Vries, Marieke},
    note = {(Only available in Dutch)}
}

@misc{CBS-Corporate,
    title = {Dutch census has been digital for 40 years},
    howpublished = {\url{https://www.cbs.nl/en-gb/corporate/2023/27/dutch-census-has-been-digital-for-40-years}},
    author = {van der Sangen, Miriam}
}

@misc{QuickRefTau42x,
    title = {Quick Reference for {CKM} in {\targus} 4.2.x},
    howpublished = {\url{https://github.com/sdcTools/tauargus/releases/download/v4.2.4.2/QuickReferenceCKM4.2.x.pdf}},
    author = {de Wolf, Peter-Paul}
}

@misc{QuickRefMu,
    title = {Quick Reference for {TRS} in {\margus} 5.1.7},
    howpublished = {\url{https://github.com/sdcTools/muargus/releases/download/v5.1.7b3/QuickReferenceTRS5.1.7.pdf}},
    author = {de Wolf, Peter-Paul}
}

@misc{mumanual,
    title = {{\margus} version 5.1 User's Manual},
    year = {2014},
    author = {Hundepool, Anco and de Wolf, Peter-Paul and Bakker, Jeldrik and Reedijk, Anne and Franconi, Luisa and Polettini, Silvia and Capobianchi, Alessandra and Domingo, Josep}}

@misc{taumanual,
    title = {{\targus} version 4.1 User's Manual},
    year = {2014},
    author = {Hundepool, Anco and de Wolf, Peter-Paul and Giessing, Sarah and Salazar, Juan-Jos{\'e} and Castro, Jordi}}

@misc{CBS-Youtube, 
    title={Volkstelling}, 
    howpublished = {\url{https://www.youtube.com/watch?v=BBqvqsa0_-E}}, 
    journal={YouTube}, 
    publisher={YouTube}, 
    author={{Centraal Bureau voor de Statistiek}}, 
    year={2023}, 
    month={Jul}} 

@misc{CROS-recommendations,
    title={Recommendations for the protection of Census Data},
    howpublished = {\url{https://wayback.archive-it.org/12090/20231229103253/https://cros-legacy.ec.europa.eu/content/recommendations-protection-census-data_en}},
    author={{CROS - European Commission}},
    year={2017},
    month={Nov}} 



@misc{StatAT_TRS,
    title = {Target Record Swapping},
    howpublished = {\url{https://www.statistik.at/fileadmin/pages/402/record_swapping.pdf}},
    author = {{Statistik Austria}}
}

@misc{StatAT_Zensus,
    title = {Zensus 2021 Volkszählung – Ergebnisse zur Bevölkerung aus der Registerzählung},
    howpublished = {\url{https://www.statistik.at/fileadmin/user_upload/Zensus-VZ-2021.pdf}},
    author = {{Statistik Austria}}
}

@misc{StatAT_Metainformationen,
    title = {Standard-Dokumentation Metainformationen zur Abgestimmten Erwerbsstatistik und Erwerbsstatistik der Registerzählungen},
    howpublished = {\url{https://www.statistik.at/fileadmin/shared/QM/Standarddokumentationen/B_1/std_b_abgestimmte_erwerbsstatistik.pdf}},
    author = {{Statistik Austria}}
}

@misc{INSEE-mlg, title={Données Carroyées et confidentialité}, url={http://www.jms-insee.fr/2018/S23_3_ACTE_BRANCHU_JMS2018.pdf}, journal={Journées de méthodologie statistique de l’Insee}, author={Branchu, Marc and Costemalle, Vianney and Fontaine, Maëlle}} 


@misc{gridy,
  author = {{INSEE FR Lab}},
  title = {Gridy},
  year = {2024},
  publisher = {GitHub},
  journal = {GitHub repository},
  howpublished = {\url{https://github.com/InseeFrLab/gridy}}
}

@misc{Guidelines1_GeoGL,
    author 	     = {Martin M\"{o}hler and Julien Jamme and Edwin {de Jonge} and Andrzej M{\l}odak and Johannes Gussenbauer and Peter-Paul {de Wolf}},
    title        = {Guidelines for {Statistical Disclosure Control} Methods Applied on Geo-Referenced Data},
    year   	     = {2024},
    howpublished = {STACE project WP2 Deliverable D2.9},
    note         = {\url{https://github.com/sdcTools/GeoSpatialGuidelinesSources/releases}}
}

@InProceedings{PietrzakEtal2022,
author="Pietrzak, Micha{\l}
and J{\'o}zefowski, Tomasz
and Klimanek, Tomasz
and M{\l}odak, Andrzej",
editor="Jajuga, Krzysztof
and Dehnel, Gra{\.{z}}yna
and Walesiak, Marek",
title="An Optimized Selection of Statistical Disclosure Control Methods---A Case Study Involving Microdata from the Polish Survey of Accidents at Work",
booktitle="Modern Classification and Data Analysis",
year="2022",
publisher="Springer International Publishing",
address="Cham",
pages="63--78",
isbn="978-3-031-10190-8"
}

@misc{HundepoolEtAl2024,
	author    = {Anco Hundepool and Josep Domingo-Ferrer and Luisa Franconi and Sarah Giessing and Rainer Lenz and Jane Naylor and Eric {Schulte Nordholt} and Giovanni Seri and Peter-Paul {de Wolf} and Reinhard Tent and Andrzej M{\l}odak and Johannes Gussenbauer and Kamil Wilak},
	title     = {Handbook on Statistical Disclosure Control, Second Edition},
	year      = {2024},
    howpublished = {STACE project WP2 Deliverable D2.10},
    note      = {\url{https://sdctools.github.io/HandbookSDC}},
}